<?xml version="1.0" encoding="UTF-8"?>
<collection xmlns:xsi="http://www.w3.org/2001/XMLSchema-instance" xsi:schemaLocation="http://www.loc.gov/MARC21/slim http://www.loc.gov/standards/marcxml/schema/MARC21slim.xsd" xmlns="http://www.loc.gov/MARC21/slim">
<record>
  <leader>01362cam a22003017a 4500</leader>
  <controlfield tag="001">4221891</controlfield>
  <controlfield tag="003">NNC</controlfield>
  <controlfield tag="005">20151221160657.0</controlfield>
  <controlfield tag="008">931217s1952    le            000 0 ara  </controlfield>
  <datafield tag="010" ind1=" " ind2=" ">
    <subfield code="a">   93958941 </subfield>
  </datafield>
  <datafield tag="035" ind1=" " ind2=" ">
    <subfield code="a">(OCoLC)ocm29565618</subfield>
  </datafield>
  <datafield tag="035" ind1=" " ind2=" ">
    <subfield code="a">(NNC)4221891</subfield>
  </datafield>
  <datafield tag="040" ind1=" " ind2=" ">
    <subfield code="a">DLC</subfield>
    <subfield code="c">DLC</subfield>
    <subfield code="d">ZCU</subfield>
  </datafield>
  <datafield tag="042" ind1=" " ind2=" ">
    <subfield code="a">lcode</subfield>
  </datafield>
  <datafield tag="099" ind1=" " ind2=" ">
    <subfield code="a">892.08</subfield>
    <subfield code="a">Am35</subfield>
    <subfield code="a">no.22-23</subfield>
  </datafield>
  <datafield tag="100" ind1="1" ind2=" ">
    <subfield code="a">Maqdisī, Anīs.</subfield>
  </datafield>
  <datafield tag="245" ind1="1" ind2="3">
    <subfield code="a">al-Ittijāhāt al-adabīyah fī al-ʻālim al-ʻArabī al-ḥadīth :</subfield>
    <subfield code="b">wa-hiya dirāsāt taḥlīlīyah lil-ʻawāmil al-faʻʻālah fī al-nahḍah al-ʻArabīyah al-ḥadīthah wa-li-ẓawāhirihā al-adabīyah al-raʾīsīyah /</subfield>
    <subfield code="c">Anīs al-Khūrī al-Maqdisī.</subfield>
  </datafield>
  <datafield tag="250" ind1=" " ind2=" ">
    <subfield code="a">al-Ṭabʻah 1.</subfield>
  </datafield>
  <datafield tag="260" ind1=" " ind2=" ">
    <subfield code="a">[Beirut] :</subfield>
    <subfield code="b">Jāmiʻat Bayrūt al-Amrīkīyah, Kullīyat al-ʻUlūm wa-al-Ādāb,</subfield>
    <subfield code="c">1952.</subfield>
  </datafield>
  <datafield tag="300" ind1=" " ind2=" ">
    <subfield code="a">2 v. in 1 ;</subfield>
    <subfield code="c">24 cm.</subfield>
  </datafield>
  <datafield tag="490" ind1="1" ind2=" ">
    <subfield code="a">Silsilat al-ʻUlūm al-sharqīyah ;</subfield>
    <subfield code="v">al-ḥalqah 21</subfield>
  </datafield>
  <datafield tag="500" ind1=" " ind2=" ">
    <subfield code="a">In Arabic; romanized record.</subfield>
  </datafield>
  <datafield tag="501" ind1=" " ind2=" ">
    <subfield code="a">Title on added t.p.: Literary trends in the modern Arab world.</subfield>
  </datafield>
  <datafield tag="504" ind1=" " ind2=" ">
    <subfield code="a">Includes bibliographical references (p. 218-224) and index.</subfield>
  </datafield>
  <datafield tag="650" ind1=" " ind2="0">
    <subfield code="a">Arabic literature, Modern</subfield>
    <subfield code="x">History and criticism.</subfield>
  </datafield>
  <datafield tag="740" ind1="0" ind2=" ">
    <subfield code="a">Literary trends in the modern Arab world.</subfield>
  </datafield>
  <datafield tag="830" ind1=" " ind2="0">
    <subfield code="a">Publication of the Faculty of Arts and Sciences.</subfield>
    <subfield code="p">Oriental series ;</subfield>
    <subfield code="v">no. 21.</subfield>
  </datafield>
  <datafield tag="955" ind1=" " ind2=" ">
    <subfield code="b">0026811103</subfield>
    <subfield code="d">glx</subfield>
    <subfield code="e">892.08 Am35 no.22-23</subfield>
    <subfield code="v">pt.1</subfield>
  </datafield>
</record>
</collection>